<record><leader>00000cas a2200000 a 4500</leader><controlfield tag="001">11171875</controlfield><controlfield tag="008">840919d18761915inucr ne      0    0eng c</controlfield><datafield ind1=" " ind2=" " tag="010"><subfield code="a">sn 84037997 </subfield></datafield><datafield ind1=" " ind2=" " tag="040"><subfield code="a">NPX</subfield><subfield code="b">eng</subfield><subfield code="c">NPX</subfield><subfield code="d">NPI</subfield><subfield code="d">OCLCQ</subfield><subfield code="d">IUL</subfield><subfield code="d">OCLCF</subfield></datafield><datafield ind1="1" ind2=" " tag="029"><subfield code="a">AU@</subfield><subfield code="b">000025817672</subfield></datafield><datafield ind1=" " ind2=" " tag="042"><subfield code="a">pcc</subfield></datafield><datafield ind1=" " ind2=" " tag="043"><subfield code="a">n-us-in</subfield></datafield><datafield ind1="0" ind2=" " tag="130"><subfield code="a">Miami County sentinel (Peru, Ind. : 1876)</subfield></datafield><datafield ind1="1" ind2="0" tag="245"><subfield code="a">Miami County sentinel.</subfield></datafield><datafield ind1=" " ind2=" " tag="260"><subfield code="a">Peru, Ind. :</subfield><subfield code="b">Miller &amp; Maxey</subfield></datafield><datafield ind1=" " ind2=" " tag="300"><subfield code="a">v. :</subfield><subfield code="b">ill.</subfield></datafield><datafield ind1=" " ind2=" " tag="310"><subfield code="a">Semiweekly, Feb. 19,</subfield><subfield code="b">1893-</subfield></datafield><datafield ind1=" " ind2=" " tag="321"><subfield code="a">Weekly,</subfield><subfield code="b">1876-Feb. 9, 1893</subfield></datafield><datafield ind1="1" ind2=" " tag="362"><subfield code="a">Began in 1876.</subfield></datafield><datafield ind1="0" ind2=" " tag="362"><subfield code="a">-78th year, no. 56 (Aug. 21, 1915).</subfield></datafield><datafield ind1=" " ind2=" " tag="500"><subfield code="a">Called "Weekly edition" on Wed., &lt;Aug. 17, 1904-Jan. 31, 1912&gt;; called "Saturday edition" on Sat., &lt;Aug. 13, 1904-Jan. 27, 1912&gt;.</subfield></datafield><datafield ind1=" " ind2=" " tag="580"><subfield code="a">Published also in a daily ed. called: Peru daily sentinel.</subfield></datafield><datafield ind1=" " ind2=" " tag="588"><subfield code="a">Description based on: Vol. 28, no. 3 (May 11, 1876); title from masthead.</subfield></datafield><datafield ind1=" " ind2="0" tag="651"><subfield code="a">Peru (Ind.)</subfield><subfield code="v">Newspapers.</subfield></datafield><datafield ind1=" " ind2="0" tag="651"><subfield code="a">Miami County (Ind.)</subfield><subfield code="v">Newspapers.</subfield></datafield><datafield ind1=" " ind2="7" tag="651"><subfield code="a">Indiana</subfield><subfield code="z">Miami County.</subfield><subfield code="2">fast</subfield><subfield code="0">(OCoLC)fst01207937</subfield></datafield><datafield ind1=" " ind2="7" tag="651"><subfield code="a">Indiana</subfield><subfield code="z">Peru.</subfield><subfield code="2">fast</subfield><subfield code="0">(OCoLC)fst01229038</subfield></datafield><datafield ind1=" " ind2="7" tag="655"><subfield code="a">Newspapers.</subfield><subfield code="2">fast</subfield><subfield code="0">(OCoLC)fst01423814</subfield></datafield><datafield ind1=" " ind2=" " tag="752"><subfield code="a">United States</subfield><subfield code="b">Indiana</subfield><subfield code="c">Miami</subfield><subfield code="d">Peru.</subfield></datafield><datafield ind1="1" ind2=" " tag="775"><subfield code="t">Peru daily sentinel</subfield><subfield code="w">(DLC)sn 87097012</subfield><subfield code="w">(OCoLC)17275848</subfield></datafield><datafield ind1="0" ind2="5" tag="780"><subfield code="t">Miami County record</subfield><subfield code="g">1899</subfield><subfield code="w">(DLC)sn 87055324</subfield><subfield code="w">(OCoLC)15294783</subfield></datafield><datafield ind1="0" ind2="7" tag="780"><subfield code="t">Peru times-sentinel</subfield></datafield><datafield ind1="0" ind2="0" tag="785"><subfield code="t">Sentinel (Peru, Ind.)</subfield><subfield code="w">(DLC)sn 87097009</subfield><subfield code="w">(OCoLC)17275837</subfield></datafield><datafield ind1="4" ind2="1" tag="856"><subfield code="u">https://access.newspaperarchive.com/us/indiana/peru/peru-miami-county-sentinel/</subfield></datafield></record>